<record><leader>00000cas a22000007a 4500</leader><controlfield tag="001">20325721</controlfield><controlfield tag="008">890911d19631966mouwr ne      0    0eng d</controlfield><datafield ind1=" " ind2=" " tag="010"><subfield code="a">sn 89067039 </subfield></datafield><datafield ind1=" " ind2=" " tag="040"><subfield code="a">MQN</subfield><subfield code="b">eng</subfield><subfield code="c">MQN</subfield><subfield code="d">OCLCQ</subfield></datafield><datafield ind1=" " ind2=" " tag="042"><subfield code="a">msc</subfield></datafield><datafield ind1="0" ind2="4" tag="245"><subfield code="a">The Neosho graphic and miner-mechanic.</subfield></datafield><datafield ind1=" " ind2=" " tag="260"><subfield code="a">Neosho, Mo. :</subfield><subfield code="b">Andy Hall,</subfield><subfield code="c">1963-1966.</subfield></datafield><datafield ind1=" " ind2=" " tag="300"><subfield code="a">v.</subfield></datafield><datafield ind1=" " ind2=" " tag="310"><subfield code="a">Weekly</subfield></datafield><datafield ind1="0" ind2=" " tag="362"><subfield code="a">Vol. 90, no. 14 (Nov. 29, 1963)-v. 93, no. 3 (Sept. 16, 1966).</subfield></datafield><datafield ind1=" " ind2=" " tag="752"><subfield code="a">United States</subfield><subfield code="b">Missouri</subfield><subfield code="c">Newton</subfield><subfield code="d">Neosho.</subfield></datafield><datafield ind1="0" ind2="0" tag="780"><subfield code="t">Miner mechanic and graphic news and picture weekly</subfield><subfield code="w">(DLC)sn 89067038</subfield></datafield><datafield ind1="0" ind2="0" tag="785"><subfield code="t">Neosho miner-mechanic</subfield><subfield code="w">(DLC)sn 89067040</subfield></datafield></record>